<?xml version="1.0" encoding="UTF-8"?><collection xmlns="http://www.loc.gov/MARC21/slim"><record><leader>00427nam--2200121-i-4500</leader><controlfield tag="001">000040677</controlfield><controlfield tag="002">20161230</controlfield><controlfield tag="005">20161230201042</controlfield><controlfield tag="008">060222s1000------------r-----000-0-eng-d</controlfield><datafield ind1=" " ind2=" " tag="100"><subfield code="a">Schreiter W</subfield></datafield><datafield ind1=" " ind2=" " tag="245"><subfield code="a">Seltene metalle. bd.ii:indium,lithium,molybdan,niob,platin-metalle,radium, rhenium, rubidium, selen, seltene, erden, silizium, skandium</subfield></datafield><datafield ind1=" " ind2=" " tag="260"><subfield code="a">Leipzig, Veb Deutscher Verlag Fur Grundstoffindustrie, 1960</subfield></datafield><datafield ind1=" " ind2=" " tag="852"><subfield code="a">16350</subfield></datafield></record></collection>